<record><leader>00000cas a22000007a 4500</leader><controlfield tag="001">16409622</controlfield><controlfield tag="008">870808d19832000iauwr ne      0   a0eng d</controlfield><datafield ind1=" " ind2=" " tag="010"><subfield code="a">sn 87057795 </subfield></datafield><datafield ind1=" " ind2=" " tag="040"><subfield code="a">INP</subfield><subfield code="b">eng</subfield><subfield code="c">INP</subfield><subfield code="d">NSD</subfield><subfield code="d">OCLCQ</subfield></datafield><datafield ind1=" " ind2=" " tag="012"><subfield code="m">d</subfield></datafield><datafield ind1="1" ind2=" " tag="022"><subfield code="a">1061-4516</subfield><subfield code="l">1061-4516</subfield><subfield code="2">1</subfield></datafield><datafield ind1=" " ind2=" " tag="037"><subfield code="b">The Beacon, 1706 Ithaca Ave., (Box AE), Spirit Lake, IA 51360</subfield></datafield><datafield ind1=" " ind2=" " tag="042"><subfield code="a">msc</subfield><subfield code="a">nsdp</subfield></datafield><datafield ind1="0" ind2=" " tag="130"><subfield code="a">Beacon (Spirit Lake, Iowa)</subfield></datafield><datafield ind1=" " ind2="0" tag="222"><subfield code="a">Beacon</subfield><subfield code="b">(Spirit Lake, Iowa)</subfield></datafield><datafield ind1="1" ind2="4" tag="245"><subfield code="a">The beacon.</subfield></datafield><datafield ind1=" " ind2=" " tag="260"><subfield code="a">Spirit Lake, Iowa :</subfield><subfield code="b">Spirit Lake Beacon,</subfield><subfield code="c">1983-</subfield></datafield><datafield ind1=" " ind2=" " tag="300"><subfield code="a">v.</subfield></datafield><datafield ind1=" " ind2=" " tag="310"><subfield code="a">Weekly</subfield></datafield><datafield ind1="0" ind2=" " tag="362"><subfield code="a">Vol. 113, no. 44 (Nov. 3, 1983)-</subfield></datafield><datafield ind1=" " ind2=" " tag="588"><subfield code="a">Latest issue consulted: Vol. 121, no. 20 (May 16, 1991).</subfield></datafield><datafield ind1=" " ind2=" " tag="752"><subfield code="a">United States</subfield><subfield code="b">Iowa</subfield><subfield code="c">Dickinson</subfield><subfield code="d">Spirit Lake.</subfield></datafield><datafield ind1="0" ind2="0" tag="780"><subfield code="t">Spirit Lake beacon</subfield><subfield code="w">(DLC)sn 84038474</subfield><subfield code="w">(OCoLC)11320782</subfield></datafield><datafield ind1="0" ind2="0" tag="785"><subfield code="t">Dickinson County news (Spirit Lake, Iowa)</subfield><subfield code="x">1531-0159</subfield><subfield code="w">(DLC)   00214988</subfield></datafield><datafield ind1="1" ind2=" " tag="029"><subfield code="a">AU@</subfield><subfield code="b">000020490082</subfield></datafield></record>